@TECHREPORT {bull,
    author      = "J. Bull and D. J. Otway.",
    title       = "The authentication protocol DRA/CIS3/PROJ/CORBA/SC/1/CSM/436-04/03",
    institution = "Defence Research Agency",
    year        = "1997"
}

@TECHREPORT {utok,
    author      = "P. Y. A. Ryan and S. A. Schneider",
    title       = "An attack on a recursive authentication protocol: A cautionary tale",
    institution = "Information Processing Letters",
    year        = "1998",
    type        = "65(1):7--10"
}

@inproceedings{alves-foss,
  title={A weakest precondition calculus for analysis of cryptographic protocols},
  author={Alves-Foss, Jim and Soule, T},
  booktitle={DIMACS Workshop on Design and Formal Verifictaion of Security Protocols},
  year={1997}
}
